<?xml version="1.0" encoding="UTF-8"?><collection xmlns="http://www.loc.gov/MARC21/slim"><record><leader>00357nam--2200133-i-4500</leader><controlfield tag="001">000039918</controlfield><controlfield tag="002">20161230</controlfield><controlfield tag="005">20161230201042</controlfield><controlfield tag="008">060222s1000------------r-----000-0-eng-d</controlfield><datafield ind1=" " ind2=" " tag="080"><subfield code="a">530.145</subfield></datafield><datafield ind1=" " ind2=" " tag="100"><subfield code="a">Ruhl,W.  And Yunn,B.C</subfield></datafield><datafield ind1=" " ind2=" " tag="245"><subfield code="a">Superfields as representations</subfield></datafield><datafield ind1=" " ind2=" " tag="260"><subfield code="a">Trier-kaiserslautern, Univ. Trier-kaiserslautern, 1974. 37 P</subfield></datafield><datafield ind1=" " ind2=" " tag="852"><subfield code="a">43168</subfield></datafield></record></collection>